@misc{matlab:plotsomnd,
author = "Matlab documentation",
title = "plotsomnd command",
year = "2016",
url = "http://www.mathworks.com/help/nnet/ref/plotsomnd.html",
note = "[Online; accessed 08-October-2016]"
}