@misc{Asuncion+Newman:2007,
    author = "A. Asuncion, D.J. Newman",
    year = "2007",
    title = "{UCI} Machine Learning Repository",
    url = "https://archive.ics.uci.edu/ml/datasets/Thyroid+Disease",
    institution = "University of California, Irvine, School of Information and Computer Sciences"
}

@misc{matlab:traincgb,
    author = "Matlab documentation",
    title = "traincgb command",
    year = "2016",
    url = {https://www.mathworks.com/help/nnet/ref/traincgb.html},
    note = "[Online; accessed 08-November-2016]"
}

@misc{matlab:traincgf,
    author = "Matlab documentation",
    title = "traincgf command",
    year = "2016",
    url = {https://www.mathworks.com/help/nnet/ref/traincgf.html},
    note = "[Online; accessed 08-November-2016]"
}

@misc{matlab:plotperform,
    author = "Matlab documentation",
    title = "traincgf command",
    year = "2016",
    url = {https://www.mathworks.com/help/nnet/ref/plotperform.html},
    note = "[Online; accessed 08-November-2016]"
}