@misc{Asuncion+Newman:2007,
author = "A. Asuncion, D.J. Newman",
year = "2007",
title = "{UCI} Machine Learning Repository",
url = "https://archive.ics.uci.edu/ml/datasets/Thyroid+Disease",
institution = "University of California, Irvine, School of Information and Computer Sciences"
} 
@misc{wiki:watson,
author = "Wikipedia",
title = "Watson (computer) --- Wikipedia{,} The Free Encyclopedia",
year = "2016",
url = "https://en.wikipedia.org/w/index.php?title=Watson_(computer)#Healthcare&oldid=741165271",
note = "[Online; accessed 29-September-2016]"
}